% This file was created with JabRef 2.9.2.
% Encoding: MacRoman

@ARTICLE{bollen2011and,
  author = {Bollen, Johan and Fox, Geoffrey and Singhal, Prashant Raj},
  title = {{How and where the TeraGrid supercomputing infrastructure benefits
	science}},
  journal = {Journal of Informetrics},
  year = {2011},
  volume = {5},
  pages = {114--121},
  number = {1},
  publisher = {Elsevier}
}

@INPROCEEDINGS{Bollen:2007:MUM:1255175.1255273,
  author = {Bollen, Johan and Rodriguez, Marko A. and Van de Sompel, Herbert},
  title = {{MESUR: Usage-based Metrics of Scholarly Impact}},
  booktitle = {Proceedings of the 7th ACM/IEEE-CS Joint Conference on Digital Libraries},
  year = {2007},
  series = {JCDL '07},
  pages = {474--474},
  address = {New York, NY, USA},
  publisher = {ACM},
  acmid = {1255273},
  doi = {10.1145/1255175.1255273},
  isbn = {978-1-59593-644-8},
  keywords = {digital libraries, impact factor, scholarly evaluation, semantic networks,
	usage data},
  location = {Vancouver, BC, Canada},
  numpages = {1},
  url = {http://doi.acm.org/10.1145/1255175.1255273}
}

@ARTICLE{bollen2009principal,
  author = {Bollen, Johan and Van de Sompel, Herbert and Hagberg, Aric and Chute,
	Ryan},
  title = {{A principal component analysis of 39 scientific impact measures}},
  journal = {PloS one},
  year = {2009},
  volume = {4},
  pages = {e6022},
  number = {6},
  publisher = {Public Library of Science}
}

@INPROCEEDINGS{Bollen:2008:TUI:1378889.1378928,
  author = {Bollen, Johan and Van de Sompel, Herbert and Rodriguez, Marko A.},
  title = {{Towards Usage-based Impact Metrics: First Results from the Mesur
	Project.}},
  booktitle = {Proceedings of the 8th ACM/IEEE-CS Joint Conference on Digital Libraries},
  year = {2008},
  series = {JCDL '08},
  pages = {231--240},
  address = {New York, NY, USA},
  publisher = {ACM},
  acmid = {1378928},
  doi = {10.1145/1378889.1378928},
  isbn = {978-1-59593-998-2},
  keywords = {data mining, impact factor, mapping, social networks, usage data},
  location = {Pittsburgh PA, PA, USA},
  numpages = {10},
  url = {http://doi.acm.org/10.1145/1378889.1378928}
}

@INPROCEEDINGS{Browne:2013:ECD:2503210.2503230,
  author = {Browne, James C. and DeLeon, Robert L. and Lu, Charng-Da and Jones,
	Matthew D. and Gallo, Steven M. and Ghadersohi, Amin and Patra, Abani
	K. and Barth, William L. and Hammond, John and Furlani, Thomas R.
	and McLay, Robert T.},
  title = {Enabling Comprehensive Data-driven System Management for Large Computational
	Facilities},
  booktitle = {Proceedings of SC13: International Conference for High Performance
	Computing, Networking, Storage and Analysis},
  year = {2013},
  series = {SC '13},
  pages = {86:1--86:11},
  address = {New York, NY, USA},
  publisher = {ACM},
  acmid = {2503230},
  articleno = {86},
  doi = {10.1145/2503210.2503230},
  isbn = {978-1-4503-2378-9},
  location = {Denver, Colorado},
  numpages = {11},
  url = {http://doi.acm.org/10.1145/2503210.2503230}
}

@ARTICLE{browne2014comprehensive,
  author = {Browne, James C and DeLeon, Robert L and Patra, Abani K and Barth,
	William L and Hammond, John and Jones, Matthew D and Furlani, Thomas
	R and Schneider, Barry I and Gallo, Steven M and Ghadersohi, Amin
	and others},
  title = {Comprehensive, open-source resource usage measurement and analysis
	for HPC systems},
  journal = {Concurrency and Computation: Practice and Experience},
  year = {2014},
  publisher = {Wiley Online Library}
}

@ARTICLE{egghe2006theory,
  author = {Egghe, Leo},
  title = {{Theory and practise of the g-index}},
  journal = {Scientometrics},
  year = {2006},
  volume = {69},
  pages = {131--152},
  number = {1},
  publisher = {Akad{\'e}miai Kiad{\'o}, co-published with Springer Science+ Business
	Media BV, Formerly Kluwer Academic Publishers BV}
}

@ARTICLE{CPE:CPE2871,
  author = {Furlani, Thomas R. and Jones, Matthew D. and Gallo, Steven M. and
	Bruno, Andrew E. and Lu, Charng-Da and Ghadersohi, Amin and Gentner,
	Ryan J. and Patra, Abani and DeLeon, Robert L. and von Laszewski,
	Gregor and Wang, Fugang and Zimmerman, Ann},
  title = {Performance metrics and auditing framework using application kernels
	for high-performance computer systems},
  journal = {Concurrency and Computation: Practice and Experience},
  year = {2013},
  volume = {25},
  pages = {918--931},
  number = {7},
  doi = {10.1002/cpe.2871},
  issn = {1532-0634},
  keywords = {HPC Metrics, application kernels, XSEDE, UBMoD, XDMoD, HPCMoD},
  url = {http://dx.doi.org/10.1002/cpe.2871}
}

@INPROCEEDINGS{Furlani:2013:UXF:2484762.2484763,
  author = {Furlani, Thomas R. and Schneider, Barry L. and Jones, Matthew D.
	and Towns, John and Hart, David L. and Gallo, Steven M. and DeLeon,
	Robert L. and Lu, Charng-Da and Ghadersohi, Amin and Gentner, Ryan
	J. and Patra, Abani K. and von Laszewski, Gregor and Wang, Fugang
	and Palmer, Jeffrey T. and Simakov, Nikolay},
  title = {Using XDMoD to Facilitate XSEDE Operations, Planning and Analysis},
  booktitle = {Proceedings of the Conference on Extreme Science and Engineering
	Discovery Environment: Gateway to Discovery},
  year = {2013},
  series = {XSEDE '13},
  pages = {46:1--46:8},
  address = {New York, NY, USA},
  publisher = {ACM},
  acmid = {2484763},
  articleno = {46},
  doi = {10.1145/2484762.2484763},
  isbn = {978-1-4503-2170-9},
  keywords = {CI performance metrics, HPC metrics, XDMoD, XSEDE, application kernels,
	technology audit service},
  location = {San Diego, California},
  numpages = {8},
  url = {http://doi.acm.org/10.1145/2484762.2484763}
}

@ARTICLE{hirsch2005index,
  author = {Hirsch, Jorge E},
  title = {{An index to quantify an individual's scientific research output}},
  journal = {Proceedings of the National academy of Sciences of the United States
	of America},
  year = {2005},
  volume = {102},
  pages = {16569--16572},
  number = {46},
  publisher = {National Acad Sciences}
}

@BOOK{hoaglin1983understanding,
  title = {{Understanding robust and exploratory data analysis}},
  publisher = {Wiley New York},
  year = {1983},
  author = {Hoaglin, David C and Mosteller, Frederick and Tukey, John Wilder},
  volume = {3}
}

@ARTICLE{kaur2012scholarometer,
  author = {Kaur, Jasleen and Hoang, Diep Thi and Sun, Xiaoling and Possamai,
	Lino and JafariAsbagh, Mohsen and Patil, Snehal and Menczer, Filippo},
  title = {{Scholarometer: A social framework for analyzing impact across disciplines}},
  journal = {PloS one},
  year = {2012},
  volume = {7},
  pages = {e43235},
  number = {9},
  publisher = {Public Library of Science}
}

@INPROCEEDINGS{Lu:2013:CJL:2484762.2484781,
  author = {Lu, Charng-Da and Browne, James and DeLeon, Robert L. and Hammond,
	John and Barth, William and Furlani, Thomas R. and Gallo, Steven
	M. and Jones, Matthew D. and Patra, Abani K.},
  title = {Comprehensive Job Level Resource Usage Measurement and Analysis for
	XSEDE HPC Systems},
  booktitle = {Proceedings of the Conference on Extreme Science and Engineering
	Discovery Environment: Gateway to Discovery},
  year = {2013},
  series = {XSEDE '13},
  pages = {50:1--50:8},
  address = {New York, NY, USA},
  publisher = {ACM},
  acmid = {2484781},
  articleno = {50},
  doi = {10.1145/2484762.2484781},
  isbn = {978-1-4503-2170-9},
  keywords = {TACC_Stats, XDMoD, XSEDE, performance analysis, system management,
	usage analysis},
  location = {San Diego, California},
  numpages = {8},
  url = {http://doi.acm.org/10.1145/2484762.2484781}
}

@ARTICLE{thomas1998institutional,
  author = {Thomas, PR and Watkins, DS},
  title = {{Institutional research rankings via bibliometric analysis and direct
	peer review: A comparative case study with policy implications}},
  journal = {Scientometrics},
  year = {1998},
  volume = {41},
  pages = {335--355},
  number = {3},
  publisher = {Springer}
}

@ARTICLE{van2000evaluating,
  author = {Van Houten, BA and Phelps, Jerry and Barnes, Martha and Suk, William
	A},
  title = {{Evaluating scientific impact}},
  journal = {Environmental health perspectives},
  year = {2000},
  volume = {108},
  pages = {A392},
  number = {9},
  publisher = {National Institute of Environmental Health Science}
}

@ARTICLE{yang2006citation,
  author = {Yang, Kiduk and Meho, Lokman I},
  title = {{Citation analysis: a comparison of Google Scholar, Scopus, and Web
	of Science}},
  journal = {Proceedings of the American Society for Information Science and Technology},
  year = {2006},
  volume = {43},
  pages = {1--15},
  number = {1},
  publisher = {Wiley Online Library}
}

@MISC{www-altmetrics,
  title = {altmetrics},
  howpublished = {Web Page},
  owner = {fuwang},
  timestamp = {2014.03.07},
  url = {http://altmetrics.org/manifesto/}
}

@MISC{www-drupal-bib,
  title = {{Drupal Bibliography Module}},
  howpublished = {Web Page},
  timestamp = {2014.03.04},
  url = {https://drupal.org/project/biblio}
}

@MISC{www-fgbiblio,
  title = {{FutureGrid Biblio}},
  howpublished = {Web Page},
  owner = {fuwang},
  timestamp = {2014.03.07},
  url = {https://portal.futuregrid.org/biblio}
}

@MISC{www-googlescholar,
  title = {{Google Scholar}},
  howpublished = {Web Page},
  owner = {fuwang},
  timestamp = {2014.03.07},
  url = {http://scholar.google.com/}
}

@MISC{www-i10index,
  title = {i-10 index | Google Scholar Citations Open To All},
  owner = {fuwang},
  timestamp = {2014.03.12},
  url = {http://googlescholar.blogspot.com/2011/11/google-scholar-citations-open-to-all.html}
}

@MISC{www-isiwos,
  title = {{ISI Web of Science}},
  howpublished = {Web Page},
  owner = {fuwang},
  timestamp = {2014.03.07},
  url = {http://wokinfo.com/}
}

@MISC{www-mendeley,
  title = {{Mendeley}},
  howpublished = {Web Page},
  owner = {fuwang},
  timestamp = {2014.03.07},
  url = {http://www.mendeley.com/}
}

@MISC{www-msas,
  title = {{Microsoft Academic Search}},
  howpublished = {Web Page},
  owner = {fuwang},
  timestamp = {2014.03.07},
  url = {http://academic.research.microsoft.com/}
}

@MISC{www-nanohubcite,
  title = {{nanoHUB.org - Citations}},
  howpublished = {Web Page},
  owner = {fuwang},
  timestamp = {2014.03.07},
  url = {https://nanohub.org/citations}
}

@MISC{www-pop,
  title = {{Publish or Perish}},
  howpublished = {Web Page},
  owner = {fuwang},
  timestamp = {2014.03.07},
  url = {http://www.harzing.com/pop.htm}
}

@MISC{www-tasdeviu,
  title = {TAS Scientific Impact Metrics and Analysis Dev/Testing Portal},
  owner = {fuwang},
  timestamp = {2014.03.12},
  url = {http://fgdev.pti.indiana.edu:8088/xdportalpub/}
}

@MISC{www-xdportalpub,
  title = {{XSEDE User Portal | Publications}},
  howpublished = {Web Page},
  owner = {fuwang},
  timestamp = {2014.03.07},
  url = {https://portal.xsede.org/publications}
}

@MISC{www-xsede,
  title = {{XSEDE}},
  howpublished = {Web Page},
  owner = {fuwang},
  timestamp = {2014.03.07},
  url = {https://www.xsede.org/}
}

@misc{colledge2014snowball,
  title={Snowball Metrics Recipe Book. 2014},
  author={Colledge, Lisa},
  year={2014}
}

@article{mann1947test,
  title={On a test of whether one of two random variables is stochastically larger than the other},
  author={Mann, Henry B and Whitney, Donald R},
  journal={The annals of mathematical statistics},
  pages={50--60},
  year={1947},
  publisher={JSTOR}
}

@article{kruskal1952use,
  title={Use of ranks in one-criterion variance analysis},
  author={Kruskal, William H and Wallis, W Allen},
  journal={Journal of the American statistical Association},
  volume={47},
  number={260},
  pages={583--621},
  year={1952},
  publisher={Taylor \& Francis}
}

@inproceedings{brown1951median,
  title={On median tests for linear hypotheses},
  author={Brown, George W and Mood, Alexander M and others},
  booktitle={Proceedings of the Second Berkeley Symposium on Mathematical Statistics and Probability},
  year={1951},
  organization={The Regents of the University of California}
}

@inproceedings{Wang:2014:TSI:2616498.2616507,
 author = {Wang, Fugang and von Laszewski, Gregor and Fox, Geoffrey C. and Furlani, Thomas R. and DeLeon, Robert L. and Gallo, Steven M.},
 title = {Towards a Scientific Impact Measuring Framework for Large Computing Facilities - a Case Study on XSEDE},
 booktitle = {Proceedings of the 2014 Annual Conference on Extreme Science and Engineering Discovery Environment},
 series = {XSEDE '14},
 year = {2014},
 isbn = {978-1-4503-2893-7},
 location = {Atlanta, GA, USA},
 pages = {25:1--25:8},
 articleno = {25},
 numpages = {8},
 url = {http://doi.acm.org/10.1145/2616498.2616507},
 doi = {10.1145/2616498.2616507},
 acmid = {2616507},
 publisher = {ACM},
 address = {New York, NY, USA},
 keywords = {Scientific impact, Technology Audit Service, XDMoD, XSEDE, bibliometric, h-index},
}

@INPROCEEDINGS{tas2015,
author={G. von Laszewski and F. Wang and G. C. Fox and D. L. Hart and T. R. Furlani and R. L. DeLeon and S. M. Gallo},
booktitle={2015 IEEE International Conference on Cluster Computing},
title={Peer Comparison of XSEDE and NCAR Publication Data},
year={2015},
volume={},
number={},
pages={531-532},
keywords={citation analysis;publishing;NCAR publication data;XSEDE publication data;citation analysis;comprehensive peer analysis;percentile ranking based approach;publication impact;Atmospheric measurements;Conferences;Data analysis;Extraterrestrial measurements;Ranking (statistics);Resource management;Metrics;publications},
doi={10.1109/CLUSTER.2015.98},
ISSN={1552-5244},
month={Sept},}

@MISC{www-computecanada,
  title = {{Compute Canada Report: Increasing Canadian Research Impact}},
  howpublished = {Web Page},
  owner = {Compute Canada},
  timestamp = {2018.03.07},
  url = {https://www.computecanada.ca/compute-canada-report-increasing-canadian-research-impact/}
}

@article{penfield2014assessment,
  title={Assessment, evaluations, and definitions of research impact: A review},
  author={Penfield, Teresa and Baker, Matthew J and Scoble, Rosa and Wykes, Michael C},
  journal={Research Evaluation},
  volume={23},
  number={1},
  pages={21--32},
  year={2014},
  publisher={Oxford University Press}
}

@MISC{www-xdmod-sciimp,
  title = {{XDMoD Scientific Impact Portal for XSEDE}},
  howpublished = {Web Page},
  owner = {XDMoD},
  timestamp = {2018.03.07},
  url = {https://sciimp.ccr.xdmod.org/xdportalpub/overview/}
}

@book{gormley2015elasticsearch,
  title={Elasticsearch: The Definitive Guide: A Distributed Real-Time Search and Analytics Engine},
  author={Gormley, Clinton and Tong, Zachary},
  year={2015},
  publisher={" O'Reilly Media, Inc."}
}

@ARTICLE{xsede,
author={Towns, J. and Cockerill, T. and Dahan, M. and Foster, I. and Gaither, K. and Grimshaw, A. and Hazlewood, V. and Lathrop, S. and Lifka, D. and Peterson, G.D. and Roskies, R. and Scott, J.R. and Wilkins-Diehr, N.},
journal={Computing in Science Engineering},
title={{XSEDE: Accelerating Scientific Discovery}},
year={2014},
month={Sept},
volume={16},
number={5},
pages={62-74},
keywords={engineering computing;natural sciences computing;research and development management;research initiatives;Extreme Science and Engineering Discovery Environment;XSEDE;advanced digital services;campus-based resources;digital services;digitally enabled scholars;multidisciplinary collaborations;national e-science infrastructure ecosystem;scientific discovery;Digital systems;Knowledge discovery;Materials engineering;Scientific computing;Supercomputers;HPC;cyberinfrastructure;distributed computing;distributed virtual organizations;research infrastructures;scientific computing},
doi={10.1109/MCSE.2014.80},
ISSN={1521-9615},}
